@article{braun2013community,
  title={Community health workers and mobile technology: a systematic review of the literature},
  author={Braun, Rebecca and Catalani, Caricia and Wimbush, Julian and Israelski, Dennis},
  journal={PloS one},
  volume={8},
  number={6},
  pages={e65772},
  year={2013},
  publisher={Public Library of Science}
}
@article{farmer2013reduced,
  title={Reduced premature mortality in Rwanda: lessons from success},
  author={Farmer, Paul E and Nutt, Cameron T and Wagner, Claire M and Sekabaraga, Claude and Nuthulaganti, Tej and Weigel, Jonathan L and Farmer, Didi Bertrand and Habinshuti, Antoinette and Mugeni, Soline Dusabeyesu and Karasi, Jean-Claude and others},
  year={2013},
  publisher={British Medical Journal Publishing Group}
}