@article{farmer2013reduced,
  title={Reduced premature mortality in Rwanda: lessons from success},
  author={Farmer, Paul E and Nutt, Cameron T and Wagner, Claire M and Sekabaraga, Claude and Nuthulaganti, Tej and Weigel, Jonathan L and Farmer, Didi Bertrand and Habinshuti, Antoinette and Mugeni, Soline Dusabeyesu and Karasi, Jean-Claude and others},
  year={2013},
  publisher={British Medical Journal Publishing Group}
}
@article{ngabo2012designing,
  title={Designing and Implementing an Innovative SMS-based alert system (RapidSMS-MCH) to monitor pregnancy and reduce maternal and child deaths in Rwanda},
  author={Ngabo, Fidele and Nguimfack, Judith and Nwaigwe, Friday and Mugeni, Catherine and Muhoza, Denis and Wilson, David R and Kalach, John and Gakuba, Richard and Karema, Corrine and Binagwaho, Agnes},
  journal={Pan African Medical Journal},
  volume={13},
  number={31},
  year={2012},
  publisher={PAMJ-African Field Epidemiology Network}
}
@article{twahirwa2008sharing,
  title={Sharing the burden of sickness: mutual health insurance in Rwanda},
  author={Twahirwa, Aimable},
  journal={Bulletin of the World Health Organization},
  volume={86},
  number={11},
  pages={823--825},
  year={2008},
  publisher={World Health Organization}
}
@article{munoz2012geographical,
  title={Geographical accessibility and spatial coverage modeling of the primary health care network in the Western Province of Rwanda},
  author={Munoz, Ulises Huerta and K{\"a}llest{\aa}l, Carina},
  journal={International journal of health geographics},
  volume={11},
  number={1},
  pages={1},
  year={2012},
  publisher={BioMed Central}
}

@article {theunitednationschildrensemergencyfundunicef2013,
    author  = {The United Nations Children's Emergency Fund (UNICEF)},
    title   = {Rwanda Statistics},
    journal = {Wikipedia},
    year    = {2013}
}
@article{chen2004human,
  title={Human resources for health: overcoming the crisis},
  author={Chen, Lincoln and Evans, Timothy and Anand, Sudhir and Boufford, Jo Ivey and Brown, Hilary and Chowdhury, Mushtaque and Cueto, Marcos and Dare, Lola and Dussault, Gilles and Elzinga, Gijs and others},
  journal={The Lancet},
  volume={364},
  number={9449},
  pages={1984--1990},
  year={2004},
  publisher={Elsevier}
  }
  @article{condo2014rwanda,
  title={Rwanda?s evolving community health worker system: a qualitative assessment of client and provider perspectives},
  author={Condo, Jeanine and Mugeni, Catherine and Naughton, Brienna and Hall, Kathleen and Tuazon, Maria A and Omwega, Abiud and Nwaigwe, Friday and Drobac, Peter and Hyder, Ziauddin and Ngabo, Fidele and others},
  journal={Human resources for health},
  volume={12},
  number={1},
  pages={71},
  year={2014},
  publisher={BioMed Central Ltd}
}
@article{celi2009mobile,
  title={Mobile care (Moca) for remote diagnosis and screening},
  author={Celi, Leo Anthony and Sarmenta, Luis and Rotberg, Jhonathan and Marcelo, Alvin and Clifford, Gari},
  journal={Journal of health informatics in developing countries},
  volume={3},
  number={1},
  pages={17},
  year={2009},
  publisher={NIH Public Access}
}
@article {msuryadeekshithguptavamsikrishnapatchavavirginiamenezes2015,
    title   = {Health Care Based on IoT Using Raspberry Pi},
    author  = {M. Surya Deekshith Gupta,Vamsikrishna Patchava,Virginia Menezes},
    journal = {IEEE},
    volume={15},
    number={1},
    pages={4},
    year    = {2015},
    publisher={International Conference on Green Computing and  Internet of Things(ICGCIoT)}
}
@online{ArduinoUnoSpecs,
  author = {Arduino Inc},
  title = {Technical specs},
  year = {2016},
  url = {https://www.arduino.cc/en/main/arduinoBoardUno},
  urldate = {2016-05-25}
}
